@misc{django,
  title = {Django Tutorials},
  howpublished = {\url{http://www.tangowithdjango.com/book17/}},
  note = {Accessed: 2014-10-30}
}
@misc{models,
  title = {Django Documentation},
  howpublished = {\url{https://docs.djangoproject.com/en/1.7/}},
  note = {Accessed: 2014-10-30}
}
@misc{Allocation,
  title = {Discussion Forum},
  howpublished = {\url{http://stackoverflow.com/questions/19027473/writing-a-csv-file-using-buffered-writer-in-java}},
  note = {Accessed: 2014-10-30}
}
